% Encoding: UTF-8

@Article{Baccelli2018,
  author  = {Baccelli, Emmanuel and Doerr, Joerg and Kikuchi, Shinji and Padilla, Francisco and Schleiser, Kaspar and Thomas, Ian},
  journal = {IEEE PerCom 2018},
  title   = {Towards Containers on Low-End Devices in the Internet of Things},
  year    = {2018},
  file    = {:Articles/Baccelli2018.pdf:PDF},
}

@article{baccelli2018riot,
  title={RIOT: An open source operating system for low-end embedded devices in the IoT},
  author={Baccelli, Emmanuel and G{\"u}ndo{\u{g}}an, Cenk and Hahm, Oliver and Kietzmann, Peter and Lenders, Martine S and Petersen, Hauke and Schleiser, Kaspar and Schmidt, Thomas C and W{\"a}hlisch, Matthias},
  journal={IEEE Internet of Things Journal},
  volume={5},
  number={6},
  pages={4428--4440},
  year={2018},
  publisher={IEEE}
}

@article{ietf2022suit,
  title={{A Concise Binary Object Representation (CBOR)-based Serialization Format for the Software Updates for Internet of Things (SUIT) Manifest}},
  author={Moran, Bredan and others},
  journal={IETF Internet Draft draft-ietf-suit-manifest-17},
  year={2022}
}

@Article{Banegas2022quantum-suit,
  author  = {Banegas, Gustavo and others},
  journal = {20th International Conference on
Applied Cryptography and Network Security (ACNS)},
  title   = {{Quantum-Resistant Security for Software Updates on Low-power Networked Embedded Devices}},
  year    = {2022},
}

@article{zandberg2021femto,
  title={Femto-containers: Devops on microcontrollers with lightweight virtualization \& isolation for iot software modules},
  author={Zandberg, Koen and Baccelli, Emmanuel},
  journal={arXiv preprint arXiv:2106.12553},
  year={2021}
}

@misc{RIOT-suit,
  title = {{RIOT Open Source Implementation of SUIT}},
  howpublished = {\url{https://github.com/RIOT-OS/RIOT/tree/master/examples/suit_update}},
  note = {Accessed: 2022-06-22}
}

@TechReport{TinyPART-d411,
	author      = {Gaber, Chrystel and Dejon, Nicolas and Legouix, Samuel and Zandberg, Koen and Baccelli, Emmanuel and Gulati, Emmanuel and Amara, Damien},
	institution = {TinyPART Consortium},
	title       = {{D4.1.1 - Interfaces definition}},
	year        = {2022}
}


@Comment{jabref-meta: databaseType:bibtex;}
